@manual{an847,
	organization = 	{Silicon Laboratories Inc.},
	title =		{{AN847: 915 MHz single ended antenna matrix selection guide}},
	year = 		{2014},
	note =		{\url{https://www.silabs.com/documents/public/application-notes/AN847.pdf} (elérve: 2022.05.16.)}
}
@phdthesis{multi-band,
	author = 	{Kevin Boyle},
	title =		{{Antennas for Multi-band RF Front-end Modules}},
	year = 		{2004},
	school =	{Delfti Műszaki Egyetem},
	note =		{ISBN: 9040725497}
}
@book{fodor,
	author = 	{Fodor György},
	title =	{{Elektromágneses Terek}},
	year = 		{1999},
	publisher =	{Műegyetemi Kiadó},
	note =		{ISBN: 9040725497}
}
@article{story-of-q,
	author	= 	{Estill I. Green},
	title	=	{{The Story Of Q}},
	journal=	{American Scientist},
	volume=		{43},
	pages=		{584--594},
	year=		{1955},
}
@article{ibqa,
	author		=	{Yaghjian, A.D. and Best, S.R.},
	journal		=	{IEEE Transactions on Antennas and Propagation},
	title		=	{{Impedance, bandwidth, and Q of antennas}},
	year		=	{2005},
	volume		=	{53},
	number		=	{4},
	pages		=	{1298-1324},
	doi			=	{10.1109/TAP.2005.844443}
}
@article{bifa-be,
	author	= 	{Wang-Sang Lee, Hyun-Sung Tae, Kyoung-Sub Oh, Jong-Won Yu},
	title	=	{{A Balanced-Fed Dual Inverted-F Antenna with Reduced Human Body Effects}},
	journal=	{International Journal of Antennas and Propagation},
	year=		{2013},
	doi=		{10.1155/2013/814375}
}
@inproceedings{bifa-ma,
	author		=	{Iftikhar, Adnan and Rafiq, Muhammad Nadeem and Masud, Muhammad Mubeen and Ijaz, Bilal and Roy, Sayan and Braaten, Benjamin D.},
	booktitle	=	{2013 IEEE Antennas and Propagation Society International Symposium (APSURSI)}, 
	title		=	{{A dual band balanced planar inverted F antenna (PIFA) for mobile applications}}, 
	year		=	{2013},
	volume		=	{},
	number		=	{},
	pages		=	{1196-1197},
	doi			=	{10.1109/APS.2013.6711258}
}
@article{bifa-ca,
	author		=	{Sarrazin, F. and Pflaum, S. and Delaveaud, C.},
	journal		=	{IEEE Antennas and Wireless Propagation Letters}, 
	title		=	{{Radiation Efficiency Improvement of a Balanced Miniature IFA-Inspired Circular Antenna}}, 
	year		=	{2017},
	volume		=	{16},
	number		=	{},
	pages		=	{1309-1312},
	doi			=	{10.1109/LAWP.2016.2633308}
}
@book{msa,
	author 		= 	{Kyohei Fujimoto, Hisashi Moishita},
	title 		=	{{Modern Small Antennas}},
	year 		= 	{2013},
	publisher 	=	{{Cambridge University Press}},
	note 		=	{ISBN: 978-0-521-87786-2}
}
@inproceedings{uwb-ms-cps,
	author		=	{Kim, Young-Gon and Woo, Dong-Sik and Kim, Kang Wook and Cho, Young-Ki},
	booktitle	=	{2007 IEEE/MTT-S International Microwave Symposium},
	title		=	{{A New Ultra-wideband Microstrip-to-CPS Transition}},
	year		=	{2007},
	volume		=	{},
	number		=	{},
	pages		=	{1563-1566},
	doi			=	{10.1109/MWSYM.2007.380573}
}
@inbook{cpw-ccs,
	author    	= 	{Rainee N. Simons},
	title     	= 	{{Coplanar Waveguide Transitions}},
	booktitle 	= 	{Coplanar Waveguide Circuits, Components, and Systems},
	year      	= 	{2001},
	publisher 	= 	{John Wiley \& Sons, Inc.},
	address   	= 	{},
	pages     	= 	{288--345},
	note		= 	{ISBN: 0-471-22475-8}
}
@article{coupled-slots,
	author		=	{Knorr, J.B. and Kuchler, K.},
	journal		=	{IEEE Transactions on Microwave Theory and Techniques},
	title		=	{{Analysis of Coupled Slots and Coplanar Strips on Dielectric Substrate}},
	year		=	{1975},
	volume		=	{23},
	number		=	{7},
	pages		=	{541-548},
	doi			=	{10.1109/TMTT.1975.1128624}
}
@article{analytical,
	author		=	{G. Ghione and C. Naldi},
	journal		=	{Electronics Letters},
	title		=	{{Analytical formulas for coplanar lines in hybrid and monolithic MICs}},
	year		=	{1984},
	volume		=	{20},
	number		=	{4},
	pages		=	{179--181},
	doi			=	{10.1049/el:19840120}
}
@inproceedings{uwb-ms-cps,
	author		=	{Kim, Young-Gon and Woo, Dong-Sik and Kim, Kang Wook and Cho, Young-Ki},
	booktitle	=	{2007 IEEE/MTT-S International Microwave Symposium}, 
	title		=	{{A New Ultra-wideband Microstrip-to-CPS Transition}}, 
	year		=	{2007},
	volume		=	{},
	number		=	{},
	pages		=	{1563-1566},
	doi			=	{10.1109/MWSYM.2007.380573}
}
@inproceedings{conv-balun-1,
	author		=	{Zhang, Lu and Xu, Yunxue and Li, Renhao and Lu, Feilong},
	booktitle	=	{2020 IEEE MTT-S International Wireless Symposium (IWS)}, 
	title		=	{{A Wide-beamwidth Dual-polarized Printed Dipole Antenna}}, 
	year		=	{2020},
	volume		=	{},
	number		=	{},
	pages		=	{1-3},
	doi			=	{10.1109/IWS49314.2020.9360177}
}
@article{conv-balun-2,
	doi = {10.1088/1742-6596/1499/1/012048},
	year = 2020,
	month = {mar},
	publisher = {{IOP} Publishing},
	volume = {1499},
	number = {1},
	author = {A V Gevorkyan},
	title = {{An ultra-wideband printed dipole antenna of the frequency range from 1 to 3 {GHz} with wide-angle scanning in the E-plane and low level of cross polarization}},
	journal = {Journal of Physics: Conference Series},
}
@article{easy-balun,
	author 		= {Sánchez, A.M. and Ribó, M. and Pradell, L. and Anguera, J. and Andújar, A.},
	title 		= {{CPW balun for printed balanced antennas}},
	journal 	= {Electronics Letters},
	volume 		= {50},
	number 		= {11},
	pages 		= {785-786},
	doi 		= {10.1049/el.2014.0907},
	year 		= {2014}
}
@article{wb-cps-ms,
	author		=	{Young-Ho Suh and Kai Chang},
	journal		=	{IEEE Microwave and Wireless Components Letters}, 
	title		=	{{A wideband coplanar stripline to microstrip transition}}, 
	year		=	{2001},
	volume		=	{11},
	number		=	{1},
	pages		=	{28-29},
	doi			=	{10.1109/7260.905958}
}
@ARTICLE{0-55GHz,
	author		=	{Anagnostou, Dimitrios E. and Morton, Matt and Papapolymerou, John and Christodoulou, Christos G.},
	journal		=	{IEEE Transactions on Microwave Theory and Techniques},
	title		=	{{A 0–55-GHz Coplanar Waveguide to Coplanar Strip Transition}}s,
	year		=	{2008},
	volume		=	{56},
	number		=	{1},
	pages		=	{1-6},
	doi			=	{10.1109/TMTT.2007.911909}
}
@article{0-110GHz,
	title		=	{{Ultra-wideband (from DC to 110 GHz) CPW to CPS transition}},
	author		=	{Sun Il Kim and Sook-Hyang Jeong and Young-Taek Lee and Daehyun Kim and Joonho Lim and Kwang-Seok Seo and Seungyoon Nam},
	journal		=	{Electronics Letters},
	year		=	{2002},
	volume		=	{38},
	pages		=	{622-623}
	doi			=	{10.1049/el:20020423}
}
